<record><leader>00000cas a22000007a 4500</leader><controlfield tag="001">9673534</controlfield><controlfield tag="008">830706d18741886mauwr ne      0    0eng d</controlfield><controlfield tag="009">3768</controlfield><datafield ind1=" " ind2=" " tag="010"><subfield code="a">sn 83020975 </subfield></datafield><datafield ind1=" " ind2=" " tag="040"><subfield code="a">NPX</subfield><subfield code="b">eng</subfield><subfield code="c">NPX</subfield></datafield><datafield ind1="1" ind2=" " tag="029"><subfield code="a">AU@</subfield><subfield code="b">000025799486</subfield></datafield><datafield ind1=" " ind2=" " tag="042"><subfield code="a">msc</subfield></datafield><datafield ind1=" " ind2=" " tag="043"><subfield code="a">n-us-ma</subfield></datafield><datafield ind1="0" ind2="4" tag="245"><subfield code="a">The Shrewsbury news.</subfield></datafield><datafield ind1=" " ind2=" " tag="260"><subfield code="a">Shrewsbury, Mass. :</subfield><subfield code="b">Pratt &amp; Pratt,</subfield><subfield code="c">1874-1886.</subfield></datafield><datafield ind1=" " ind2=" " tag="300"><subfield code="a">v. :</subfield><subfield code="b">ill. ;</subfield><subfield code="c">66 cm.</subfield></datafield><datafield ind1=" " ind2=" " tag="310"><subfield code="a">Weekly</subfield></datafield><datafield ind1="0" ind2=" " tag="362"><subfield code="a">Vol. 1, no. 1 (Oct. 1, 1874)-v. 12, no. 35 (Aug. 28, 1884) ; 26, 36 (Sept. 2, 1884)-28, 12 (Mar. 16, 1886).</subfield></datafield><datafield ind1=" " ind2=" " tag="500"><subfield code="a">Publishers: C.W.F. Hamilton, &lt;Jan.-Mar. 1875&gt;; Pratt &amp; Pratt, &lt;1875-1876&gt;.</subfield></datafield><datafield ind1=" " ind2=" " tag="500"><subfield code="a">Printers: Pratt &amp; Pratt, &lt;1874-1876&gt;.</subfield></datafield><datafield ind1=" " ind2=" " tag="500"><subfield code="a">Identical with corresponding issues of Northboro farmer, Southboro press, and identical p. [1] with corresponding issues of Marlboro mirror-journal, Hudson pioneer, except for masthead and publisher's statement.</subfield></datafield><datafield ind1=" " ind2=" " tag="515"><subfield code="a">Designations of "Vol." and "no." cease with v. 12, no. 35.</subfield></datafield><datafield ind1=" " ind2=" " tag="515"><subfield code="a">Vol. 1, no. 51 (Sept. 17, 1875) numbered v. 1, no. 50; numbering continues from this designation.</subfield></datafield><datafield ind1=" " ind2=" " tag="500"><subfield code="a">Editor: H.A. Maynard, 1874-&lt;1876&gt;.</subfield></datafield><datafield ind1=" " ind2=" " tag="580"><subfield code="a">Printed at the office of: Marlboro' mirror, &lt;1874-1875&gt;; Marlboro mirror-journal, &lt;1876&gt;.</subfield></datafield><datafield ind1="1" ind2=" " tag="700"><subfield code="a">Maynard, H. A.</subfield></datafield><datafield ind1=" " ind2=" " tag="752"><subfield code="a">United States</subfield><subfield code="b">Massachusetts</subfield><subfield code="c">Worcester</subfield><subfield code="d">Shrewsbury.</subfield></datafield><datafield ind1="0" ind2="0" tag="785"><subfield code="t">Shrewsbury weekly news</subfield></datafield><datafield ind1="1" ind2=" " tag="787"><subfield code="t">Marlboro' mirror</subfield><subfield code="w">(DLC)sn 83020555</subfield></datafield><datafield ind1="1" ind2=" " tag="787"><subfield code="t">Marlboro mirror-journal</subfield><subfield code="w">(DLC)sn 83020557</subfield></datafield><datafield ind1=" " ind2=" " tag="936"><subfield code="a">1876 Dec. 29</subfield></datafield></record>